<record><leader>00000cas a22000007a 4500</leader><controlfield tag="001">12159178</controlfield><controlfield tag="008">850614d19071973paudr ne      0    0eng d</controlfield><datafield ind1=" " ind2=" " tag="010"><subfield code="a">sn 85054961 </subfield></datafield><datafield ind1=" " ind2=" " tag="040"><subfield code="a">NPH</subfield><subfield code="b">eng</subfield><subfield code="c">NPH</subfield><subfield code="d">NPX</subfield><subfield code="d">NPH</subfield><subfield code="d">OCLCQ</subfield></datafield><datafield ind1=" " ind2=" " tag="042"><subfield code="a">msc</subfield></datafield><datafield ind1="0" ind2="0" tag="245"><subfield code="a">Renovo daily record.</subfield></datafield><datafield ind1="1" ind2="3" tag="246"><subfield code="a">Daily record</subfield></datafield><datafield ind1=" " ind2=" " tag="260"><subfield code="a">Renovo, Pa. :</subfield><subfield code="b">W.E. Shaffer and J.U Shaffer,</subfield><subfield code="c">-1973.</subfield></datafield><datafield ind1=" " ind2=" " tag="300"><subfield code="a">v.</subfield></datafield><datafield ind1=" " ind2=" " tag="310"><subfield code="a">Daily</subfield></datafield><datafield ind1="1" ind2=" " tag="362"><subfield code="a">Began with Oct. 4, 1907 issue.</subfield><subfield code="z">Cf. Rossell, G. Pa. newspapers.</subfield></datafield><datafield ind1="0" ind2=" " tag="362"><subfield code="a">-102nd yr., no. 103 (Aug. 24, 1973).</subfield></datafield><datafield ind1=" " ind2=" " tag="588"><subfield code="a">Description based on: Vol. 1, no. 301 (Oct. 1, 1908).</subfield></datafield><datafield ind1=" " ind2=" " tag="752"><subfield code="a">United States</subfield><subfield code="b">Pennsylvania</subfield><subfield code="c">Clinton</subfield><subfield code="d">Renovo.</subfield></datafield><datafield ind1="0" ind2=" " tag="775"><subfield code="t">Renovo record (Renovo, Pa. : Weekly)</subfield><subfield code="w">(DLC)sn 84026258</subfield></datafield><datafield ind1="0" ind2="0" tag="785"><subfield code="t">Renovo record (Renovo, Pa. : Daily)</subfield></datafield></record>